
<record>
  <controlfield tag="001">690687</controlfield>
  <datafield tag="035" ind1=" " ind2=" ">
    <subfield code="9">SPIRESTeX</subfield>
    <subfield code="a">Abe:2005gi</subfield>
  </datafield>
  <datafield tag="035" ind1=" " ind2=" ">
    <subfield code="9">arXiv</subfield>
    <subfield code="a">oai:arXiv.org:hep-ex/0508048</subfield>
  </datafield>
  <datafield tag="037" ind1=" " ind2=" ">
    <subfield code="a">BELLE-CONF-0552</subfield>
  </datafield>
  <datafield tag="037" ind1=" " ind2=" ">
    <subfield code="a">EPS05-527</subfield>
  </datafield>
  <datafield tag="037" ind1=" " ind2=" ">
    <subfield code="9">arXiv</subfield>
    <subfield code="a">hep-ex/0508048</subfield>
    <subfield code="c">hep-ex</subfield>
  </datafield>
  <datafield tag="245" ind1=" " ind2=" ">
    <subfield code="a">Study of the suppressed decays M+- ---&gt; [K-+ pi+-](D) K+- and B+- ---&gt; [K-+ pi+-](D) pi+- at BELLE</subfield>
  </datafield>
  <datafield tag="710" ind1=" " ind2=" ">
    <subfield code="g">Belle</subfield>
  </datafield>
</record>